@book{auer2007dbpedia,
  title={Dbpedia: A nucleus for a web of open data},
  author={Auer, S{\"o}ren and Bizer, Christian and Kobilarov, Georgi and Lehmann, Jens and Cyganiak, Richard and Ives, Zachary},
  year={2007},
  publisher={Springer}
}

@inproceedings{bollacker2008freebase,
  title={Freebase: a collaboratively created graph database for structuring human knowledge},
  author={Bollacker, Kurt and Evans, Colin and Paritosh, Praveen and Sturge, Tim and Taylor, Jamie},
  booktitle={Proceedings of the 2008 ACM SIGMOD international conference on Management of data},
  pages={1247--1250},
  year={2008},
  organization={ACM}
}

@article{vrandevcic2014wikidata,
  title={Wikidata: a free collaborative knowledgebase},
  author={Vrande{\v{c}}i{\'c}, Denny and Kr{\"o}tzsch, Markus},
  journal={Communications of the ACM},
  volume={57},
  number={10},
  pages={78--85},
  year={2014},
  publisher={ACM}
}


@article{prud2008sparql,
  title={SPARQL query language for RDF},
  author={Prudâ€™Hommeaux, Eric and Seaborne, Andy and others},
  journal={W3C recommendation},
  volume={15},
  year={2008}
}

@techreport{li2010structured,
  title={Structured querying of annotation-rich web text with shallow semantics},
  author={Li, Xiaonan and Li, Chengkai and Yu, Cong},
  year={2010},
  institution={Technical report, CSE Department, UT-Arlington}
}

@article{li2012entity,
  title={Entity-relationship queries over wikipedia},
  author={Li, Xiaonan and Li, Chengkai and Yu, Cong},
  journal={ACM Transactions on Intelligent Systems and Technology (TIST)},
  volume={3},
  number={4},
  pages={70},
  year={2012},
  publisher={ACM}
}

@article{miller1995wordnet,
  title={WordNet: a lexical database for English},
  author={Miller, George A},
  journal={Communications of the ACM},
  volume={38},
  number={11},
  pages={39--41},
  year={1995},
  publisher={ACM}
}

@book{smiley2009solr,
  title={Solr 1.4 Enterprise Search Server},
  author={Smiley, David and Pugh, Eric},
  year={2009},
  publisher={Packt Publishing Ltd}
}

@article{lucene2005high,
  title={A high-performance, full-featured text search engine library},
  author={Lucene, Apache},
  journal={URL: http://lucene. apache. org},
  year={2005}
}

@incollection{erling2009rdf,
  title={RDF Support in the Virtuoso DBMS},
  author={Erling, Orri and Mikhailov, Ivan},
  booktitle={Networked Knowledge-Networked Media},
  pages={7--24},
  year={2009},
  publisher={Springer}
}

@article{lassila1999resource,
  title={Resource description framework (RDF) model and syntax specification},
  author={Lassila, Ora and Swick, Ralph R},
  year={1999}
}

@inproceedings{sawant2013learning,
  title={Learning joint query interpretation and response ranking},
  author={Sawant, Uma and Chakrabarti, Soumen},
  booktitle={Proceedings of the 22nd international conference on World Wide Web},
  pages={1099--1110},
  year={2013},
  organization={International World Wide Web Conferences Steering Committee}
}
